@book{main,
	Author = {Bollob\'as, B\'ela},
	Publisher = {Springer-Verlag New York},
	Title = {Modern Graph Theory},
	Year = {1998},
    Series = {Graduate Texts in Mathematics},
    Edition = {1},
    Volume = {184},
    Doi = {10.1007/978-1-4612-0619-4}
}